@book{NationalAcademies2019,
  title={Reproducibility and Replicability in Science},
  author={{National Academies of Sciences, Engineering, and Medicine}},
  year={2019},
  publisher={The National Academies Press},
  address={Washington, DC}
}

@book{Chalmers2013,
  title={What is this thing called Science?},
  author={Chalmers, A. F.},
  year={2013},
  publisher={University of Queensland Press},
  edition={4th}
}

@article{Zwart2022,
  title={Engineering Epistemology: Between Theory and Practice},
  author={Zwart, S. D.},
  journal={Engineering Studies},
  volume={14},
  number={2},
  pages={79-86},
  year={2022},
  publisher={Taylor \& Francis},
  doi={10.1080/19378629.2022.2124025}
}

@article{doran1981there,
  title={There's a SMART way to write managements's goals and objectives.},
  author={Doran, George T},
  journal={Management review},
  volume={70},
  number={11},
  year={1981}
}

@article{bezanson2017julia,
    title = {Julia: A fresh approach to numerical computing},
    author = {Bezanson, Jeff and Edelman, Alan and Karpinski, Stefan and Shah, Viral B},
    journal = {SIAM review},
    volume = {59},
    number = {1},
    pages = {65--98},
    year = {2017},
    publisher = {SIAM},
    url = {https://doi.org/10.1137/141000671}
}

@inproceedings{fernandez2023evaluacion,
  author       = {Fernández Luna, Juan Manuel and Martínez Cámara, Eugenio and Romero-Zaliz, Rocío and García-Sánchez, Pablo and Guillén, Alberto and Noguera, Manuel and Rodríguez Fórtiz, María José},
  title        = {Qué y cómo se evalúa en el TFG del Grado en Ingeniería Informática en España},
  booktitle    = {Actas de las XXIX Jornadas sobre la Enseñanza Universitaria de la Informática},
  year         = {2023},
  editor       = {Cruz Lemus, José Antonio and Medina Medina, Nuria and Rodríguez Fórtiz, María José},
  pages        = {307-314},
  organization = {Asociación de Enseñantes Universitarios de la Informática (AENUI)},
  address      = {Granada},
  month        = {julio},
  language     = {spanish}
}



@misc{INE,
    key = {INE},
    title = {Instituto Nacional de Estadística},
    howpublished = {\url{https://ine.es/}},
    note = {National Statistics Institute. Spanish Statistical Office. El INE elabora y distribuye estadísticas de España. Este servidor contiene: Censos de Población y Viviendas 2001, Información general, Productos de difusión, España en cifras, Datos coyunturales, Datos municipales, etc.},
    year = {Accedido el 14 de febrero de 2024}
}


@misc{FSFfaq,
    author={{Free Software Foundation}},
    title = {Preguntas frecuentes acerca de las licencias de GNU},
    howpublished={\url{https://www.gnu.org/licenses/gpl-faq.html}},
    year={Accedido el 9 de marzo de 2024},
}


@incollection{vallejo2009defensa,
  author      = "Pantoja Vallejo, Antonio",
  title       = "Presentación y defensa del trabajo de investigación",
  editor      = "Pantoja Vallejo, Antonio",
  booktitle   = "Manual básico para la realización de tesinas, tesis y trabajos de investigación",
  publisher   = "Madrid EOS",
  address     = "",
  year        = 2009,
  pages       = " 385-400",
  chapter     = 15,
}

@incollection{bynum2000,
  author      = "Bynum, Terrel Ward",
  title       = "Ethics and the information revolution",
  editor      = "G. Collste",
  booktitle   = "Ethics in the Age of Information Technology",
  publisher   = "Linkoeping, Sweden: Center for Applied Ethics Linkoeping Universitet",
  address     = "",
  year        = 2000,
  pages       = " 32-55",
  chapter     = {},
}

@misc{EticaCantabria,
    key = {EticaCantabria},
    title = {Aspectos éticos en el desarrollo de un TFG/ TFM},
    howpublished = {\url{https://web.unican.es/centros/educacion/Documents/GRADO/Aspectos-eticos-TFG-TFM.pdf}},
    note = {Este documento pretende orientar sobre los aspectos éticos que considerar en el desarrollo
de un TFG/ TFM que implique la participación de personas, con el objetivo de que puedan ser
incorporados en su diseño y realización. 
},
    year = {Accedido el 6 de marzo de 2024}
}

@misc{EticaUGR,
    key = {EticaUGR},
    title = {Principios éticos aplicables a los trabajos de investigación realizados para
presentar trabajos de fin de grado (TFG) o fin de master (TFM)},
    howpublished = {\url{https://investigacion.ugr.es/sites/vic/investigacion/public/documentos/etica/ceih/PrincipiosEticos.pdf}},
    note = {Recomendaciones de la UGR sobre principios éticos en TFG y TFM.
},
    year = {Accedido el 6 de marzo de 2024}
}

@misc{EticaUCM,
    key = {EticaUCM},
    title = {La Ética Informática},
    howpublished = {\url{https://wikis.fdi.ucm.es/ELP/La_%C3%89tica_Inform%C3%A1tica}},
    note = { Definición, Objetivo, Código Ético Deontológico de la Informática, Los Diez Mandamientos de la Ética Informática.
},
    year = {Accedido el 6 de marzo de 2024}
}

@book{guerin2018gestion,
  title={Gesti{\'o}n de proyectos inform{\'a}ticos: desarrolo, an{\'a}lisis y control},
  author={Gu{\'e}rin, Brice-Arnaud},
  year={2018},
  publisher={Ediciones ENI}
}

@article{meza2019comunicacion,
  title={Comunicaci{\'o}n del conocimiento propio y relaciones discursivas en el g{\'e}nero tesis},
  author={Meza, Paulina and Da Cunha, Iria},
  journal={Sintagma: revista de ling{\"u}{\'\i}stica: 31, 2019},
  pages={103--130},
  year={2019},
  publisher={Edicions de la Universitat de Lleida},
  howpublished = {\url{https://recursoslinguisticosblog.files.wordpress.com/2019/11/registro-de-marcas-lingc3bcc3adsticas-para-pc3a1gina-final-protegido.pdf}},
}

@misc{IAGenerativaUNED,
    key = {IAGenerativaUNED},
    title = {UNED: IAGenerativa\_001. Inteligencia Artificial Generativa para estudiantes (1ed. 2024)},
    howpublished = {\url{https://www.uned.es/universidad/inicio/en/institucional/areas-direccion/vicerrectorados/innovacion/iaeducativa.html}},
    note = { Inteligencia Artificial Generativa, ChatGPT, Recomendaciones.},
    year = {Accedido el 6 de marzo de 2024},
}

@article{codina2024lluis,
    title = {Revisiones tradicionales, sistemáticas o de alcance: ¿cómo elegir el tipo de revisión de la literatura que corresponde en cada caso?},
    author = {Lluís Codina},
    journal = {Infonomy},
    volume = {2},
    number = {2},
    pages = {},
    year = {2024},
    publisher = {},
    url = {https://doi.org/10.3145/infonomy.24.021}
}

@article{codina2018lluis,
    title = {Revisiones bibliogr\'aficas sistematizadas: Procedimientos generales y Framework para Ciencias Humanas y Sociales},
    author = {Lluís Codina},
    journal = {eRepositorio UPF},
    volume = {},
    number = {},
    pages = {},
    year = {2018},
    publisher = {Universitat Popeu Fabra},
    url = {https://repositori.upf.edu/bitstream/handle/10230/34497/Codina_revisiones.pdf}
}

@article{carrera2022angela,
title = {How-to conduct a systematic literature review: A quick guide for computer science research},
journal = {MethodsX},
volume = {9},
pages = {101895},
year = {2022},
issn = {2215-0161},
doi = {https://doi.org/10.1016/j.mex.2022.101895},
url = {https://www.sciencedirect.com/science/article/pii/S2215016122002746},
author = {Angela Carrera-Rivera and William Ochoa and Felix Larrinaga and Ganix Lasa}
}

@techreport{kofod2022anders,
    title = {How to do a Structured Literature Review in computer science},
    author = {Anders Kofod-Petersen},
    year = {2018},
    institution = {Norwegian University of Science and Technology},
    series = {Technical Report},
    doi = {https://research.idi.ntnu.no/aimasters/files/SLR_HowTo2018.pdf}
}

@techreport{silva2016rodrigo,
  author      = {Rodrigo L. S. Silva and Fran Weidt Neiva},
  title       = {Systematic Literature Review in Computer Science - A Practical Guide},
  institution = {Federal University of Juiz de Fora},
  year        = {2016},
  series = {Technical Report},
  number =  {RG.2.2.35453.87524},
  url = {https://www.researchgate.net/publication/320704338_Systematic_Literature_Review_in_Computer_Science_-_A_Practical_Guide}
}

@article{grant2009maria,
author = {Grant, Maria J. and Booth, Andrew},
title = {A typology of reviews: an analysis of 14 review types and associated methodologies},
journal = {Health Information \& Libraries Journal},
volume = {26},
number = {2},
pages = {91-108},
doi = {https://doi.org/10.1111/j.1471-1842.2009.00848.x},
year = {2009}
}

@book{booth2021a,
          author = {A. Booth and A. Sutton and D. Papaioannou},
         address = {London},
           title = {Systematic Approaches to a Successful Literature Review},
       publisher = {Sage},
            year = {2021},
             url = {https://uk.sagepub.com/en-gb/eur/systematic-approaches-to-a-successful-literature-review/book270933}
}


@misc{TFGs2024JJ,
    key = {TFGs2024JJ},
    author = {Juan Julián Merelo},
    year={Accedido el 21 de Octubre de 2024},
    title = {Trabajos de fin de grado/máster con una mentalidad ágil},
    howpublished = {\url{https://www.linkedin.com/pulse/como-comenzar-y-seguir-con-tu-trabajo-de-fin-grado-o-m%C3%A1ster-merelo/}}
}



@misc{derechosautorIA,
    author = {{Biblioteca de la USAL}},
    year={Accedido el 14 de Enero de 2025},
    title = {¿{Q}uién posee los derechos de autor de un contenido generado por inteligencia artificial generativa?},
    howpublished = {\url{https://universoabierto.org/2023/11/10/quien-posee-los-derechos-de-autor-del-contenido-generado-por-inteligencia-artificial-ia/}}
}

@misc{ugrIA,
    author = {{Vicerrectorado de Transformación Digital de la Universidad de Granada}},
    year={Accedido el 14 de Enero de 2025},
    title = {Recomendaciones para usar la {IA} en la {UGR}},
    howpublished = {\url{https://ceprud.ugr.es/formacion-tic/inteligencia-artificial/recomendaciones-ia}}
}


@book{larman2004agile,
  title={Agile and iterative development: a manager's guide},
  author={Larman, Craig},
  year={2004},
  publisher={Addison-Wesley Professional}
}

@book{sommerville2005ingenieria,
  title={Ingenier{\'\i}a del software},
  author={Sommerville, Ian},
  year={2005},
  publisher={Pearson educaci{\'o}n}
}

@book{beck2022test,
  title={Test driven development: By example},
  author={Beck, Kent},
  year={2022},
  publisher={Addison-Wesley Professional}
}

@book{freeman2019devops,
  title={DevOps for dummies},
  author={Freeman, Emily},
  year={2019},
  publisher={John Wiley \& Sons}
}

@book{garcia2019desarrollo,
  title={Desarrollo de Videojuegos. Desde el dise{\~n}o a la comercializaci{\'o}n},
  author={Garc{\'\i}a, Nelson M and Moreno, Ydhiner},
  year={2019},
  publisher={Ra-Ma Editorial}
}

@inproceedings{esetal2024Ragas,
    title = "{RAGA}s: Automated Evaluation of Retrieval Augmented Generation",
    author = "Es, Shahul  and
      James, Jithin  and
      Espinosa Anke, Luis  and
      Schockaert, Steven",
    editor = "Aletras, Nikolaos  and
      De Clercq, Orphee",
    booktitle = "Proceedings of the 18th Conference of the European Chapter of the Association for Computational Linguistics: System Demonstrations",
    month = mar,
    year = "2024",
    address = "St. Julians, Malta",
    publisher = "Association for Computational Linguistics",
    url = "https://aclanthology.org/2024.eacl-demo.16/",
    pages = "150--158"
}